@article{PlatzerBernd2006BRTW,
author = {Platzer, Bernd},
address = {Berlin},
copyright = {Copyright © 2006 WILEY‐VCH Verlag GmbH & Co. KGaA, Weinheim},
issn = {0044-2267},
journal = {ZAMM - Journal of Applied Mathematics and Mechanics / Zeitschrift für Angewandte Mathematik und Mechanik},
language = {eng},
number = {2},
pages = {133-133},
publisher = {WILEY-VCH Verlag},
title = {Book Review: Thomas Westermann, Mathematik für Ingenieure mit MAPLE, Band 1. Differential- und Integralrechnung für Funktionen einer Variablen. Vektor- und Matrizenrechnung. Komplexe Zahlen. Funktionenreihen Band 2. Differential- und Integralrechnung für Funktionen mehrerer Variablen, gewöhnliche und partielle Differentialgleichungen, Fourier-Analysis},
volume = {86},
year = {2006},
}

@incollection{RostManfred2019L,
author = {Rost, Manfred},
address = {Berlin, Boston},
booktitle = {Vakuumelektronik},
copyright = {2019 Walter de Gruyter GmbH, Berlin/Munich/Boston},
isbn = {311054797X},
language = {eng ; ger},
pages = {265-280},
publisher = {De Gruyter},
title = {Literaturverzeichnis},
year = {2019},
}

@book{Gogol-DöringAndreas2019AuDF,
abstract = {Dieses Buch führt Sie sachte in die Denkweisen des Fachs "Algorithmen und Datenstrukturen" ein. Es erklärt Informatik-Anfängern Terminologie, Notation und zentrale Inhalte des Fachgebiets auf anschauliche und sehr unterhaltsame Weise. Ein Fokus sind die Techniken und Tricks, die Sie brauchen, um effiziente Algorithmen und Datenstrukturen zu bauen. Sie werden auch in die Lage versetzt, Pseudocode in der typischen akademischen Darstellung zu verstehen und in unterschiedlichen Programmiersprachen zu realisieren oder umgekehrt grundlegende algorithmische Ideen als Pseudocode zu dokumentieren.},
author = {Gogol-Döring, Andreas and Letschert, Thomas},
address = {Newark},
isbn = {3527714324},
keywords = {Algorithms ; Data management},
language = {ger ; eng},
publisher = {John Wiley & Sons, Incorporated},
series = {Fur Dummies},
title = {Algorithmen und Datenstrukturen Für Dummies},
year = {2019},
}

@article{BrunsDaniel2013Ivoa,
abstract = {We give an account on the authors’ experience and results from the software verification competition held at the Formal Methods 2012 conference. Competitions like this are meant to provide a benchmark for verification systems. It consisted of three algorithms which the authors have implemented in Java, specified with the Java Modeling Language, and verified using the KeY system. Building on our solutions, we argue that verification systems which target implementations in real-world programming languages better have powerful abstraction capabilities. Regarding the KeY tool, we explain features which, driven by the competition, have been freshly implemented to accommodate for these demands.},
author = {Bruns, Daniel and Mostowski, Wojciech and Ulbrich, Mattias},
address = {Berlin/Heidelberg},
copyright = {info:eu-repo/semantics/restrictedAccess},
issn = {1433-2779},
journal = {International journal on software tools for technology transfer},
keywords = {Algorithms ; Analysis ; Benchmark ; Computer Science ; Formal verification ; Java Modeling Language ; Models ; Software Engineering ; Software Engineering/Programming and Operating Systems ; Theorem prover ; Theory of Computation ; VerifyThis 2012},
language = {eng},
number = {6},
pages = {729-744},
publisher = {Springer Berlin Heidelberg},
title = {Implementation-level verification of algorithms with KeY},
volume = {17},
year = {2013},
}

@article{HromkovicJuraj2019IiKd,
abstract = {Zusammenfassung
Dieser Artikel wurde für Lehrpersonen geschrieben, die in ihrer schulischen Ausbildung bzw. in der Lehramtsausbildung niemals mit Informatik in Berührung gekommen sind und dennoch vor der Aufgabe stehen, sie mindestens teilweise zu unterrichten. Unsere Ausführung ist bemüht, die Informatik im Kontext der ganzen Wissenschaft vorzustellen und somit Informatikkonzepte mit bekannten Themen zu verbinden. Die wichtigsten Nebenziele sind die Auflösung von Ängsten vor dem Unbekannten sowie die Vermeidung eines Wettbewerbs mit der Klasse über die Kenntnisse der neuesten Apps und der Hardware.
Die Message ist klar: Die Informatik ist ein Fach wie alle anderen Fächer mit etablierten Grundkonzepten, die man schrittweise in einem Spiralcurriculum vermitteln muss. In dieser Form trägt sie nicht nur bei zum Verständnis und zur Möglichkeit der Mitgestaltung unserer Umwelt, sondern auch zum Erreichen von Grundkompetenzen in anderen Fächern, insbesondere in der Mathematik und den Sprachen. Sie ist eine wichtige Vorbereitung auf die unbekannten Berufe der Zukunft, die wir zwar nicht kennen, die aber sicher durch die Automatisierung geprägt sein werden.},
author = {Hromkovic, Juraj},
address = {Berlin/Heidelberg},
copyright = {Springer-Verlag GmbH Deutschland, ein Teil von Springer Nature 2019},
issn = {0170-6012},
journal = {Informatik-Spektrum},
keywords = {Computer Hardware ; Computer Science ; Computer Systems Organization and Communication Networks ; Data Structures and Information Theory ; general ; Hauptbeitrag ; Software Engineering/Programming and Operating Systems},
language = {ger ; eng},
number = {2},
pages = {80-87},
publisher = {Springer Berlin Heidelberg},
title = {Informatik im Kontext der allgemeinen Bildung},
volume = {42},
year = {2019},
}

@book{cdi_springer_books_10_1007_978_3_540_75502_9,
author = {Jänich, Klaus},
address = {Berlin, Heidelberg},
copyright = {Springer-Verlag Berlin Heidelberg 2008},
edition = {Elfte Auflage},
isbn = {3540755012},
issn = {0937-7433},
keywords = {Algebra ; Linear and Multilinear Algebras, Matrix Theory ; Mathematics ; Mathematics and Statistics},
language = {ger},
publisher = {Springer Berlin Heidelberg},
series = {Springer-Lehrbuch},
title = {Lineare Algebra},
}

@article{CipraBarry1993Tr-E,
abstract = {  Review.},
author = {Cipra, Barry},
address = {Washington},
issn = {0002-9890},
journal = {The American mathematical monthly},
keywords = {Algebra ; Nonfiction ; Textbooks},
language = {eng},
number = {7},
pages = {701-},
publisher = {Taylor & Francis Ltd},
title = {Telegraphic reviews -- Error-Correcting Codes and Finite Fields (Appl. Math. & Comp. Sci. Ser.) by Oliver Pretzel},
volume = {100},
year = {1993},
}

@article{FortnowLance1999RMSI,
author = {Fortnow, Lance},
copyright = {Copyright 1999 Association for Symbolic Logic},
issn = {1943-5886},
journal = {The Journal of symbolic logic},
number = {iss. 1},
pages = {403-403},
publisher = {Association for Symbolic Logic},
title = {Review: Michael Sipser, Introduction to the Theory of Computation},
volume = {64},
year = {1999},
}

@book{BlockMarco2009JI1T,
abstract = {Das Buch bietet eine kompakte Einführung in die Softwareentwicklung mit Java. Dabei liegt der Fokus eher auf Konzepten und Methoden als auf Sprachelementen. Die Konzepte werden anhand der beispielhaften Realisierung von Projekten vermittelt. Dabei setzt der Autor auf kreative Projektbeispiele, die verschiedene Gebiete der Informatik streifen wie z. B. Künstliche Intelligenz, Bildverarbeitung oder Spieleentwicklung. Die 2. Auflage wurde komplett aktualisiert. Beispiele, Aufgabenlösungen und zusätzliches Material werden auf einer Webseite angeboten.},
author = {Block, Marco and Tapia, Ernesto and Franke, Felix},
address = {Berlin, Heidelberg},
booktitle = {Java-Intensivkurs},
isbn = {9783642039546},
keywords = {Java (Computer program language) ; Object-oriented programming languages},
language = {ger ; eng},
publisher = {Springer Berlin / Heidelberg},
series = {Xpert.press},
title = {Java-Intensivkurs: In 14 Tagen Lernen Projekte Erfolgreich Zu Realisieren},
year = {2009},
}

@book{SteinClifford2009Ita,
abstract = {This text covers a broad range of algorithms in depth. Each chapter is relatively self-contained and can be used as a unit of study. The algorithms are described in English and in a pseudocode designed to be readable by anyone who has done a little programming.},
author = {Stein, Clifford and Leiserson, Charles E and Cormen, Thomas H and Rivest, Ronald L},
isbn = {9780262533058},
keywords = {Computer algorithms ; Computer programming},
language = {eng},
publisher = {The MIT Press},
series = {The MIT Press},
title = {Introduction to algorithms},
year = {2009},
}

